@ARTICLE{Riley+19,
       author = {{Riley}, T.~E. and others},
        title = "{A NICER View of PSR J0030+0451: Millisecond Pulsar Parameter Estimation}",
      journal = {The Astrophysical Journal Letters},
     keywords = {Matter density, Rotation powered pulsars, Millisecond pulsars, Pulsars, X-ray stars, Neutron stars, Neutron star cores, Nuclear astrophysics, 1014, 1408, 1062, 1306, 1823, 1108, 1107, 1129, Astrophysics - High Energy Astrophysical Phenomena, Astrophysics - Solar and Stellar Astrophysics, Nuclear Theory},
         year = 2019,
        month = dec,
       volume = {887},
       number = {1},
          eid = {L21},
        pages = {L21},
          doi = {10.3847/2041-8213/ab481c},
archivePrefix = {arXiv},
       eprint = {1912.05702},
 primaryClass = {astro-ph.HE},
       adsurl = {https://ui.adsabs.harvard.edu/abs/2019ApJ...887L..21R},
      adsnote = {Provided by the SAO/NASA Astrophysics Data System}
}



@ARTICLE{Bogdanov+2007,
       author = {{Bogdanov}, Slavko and others},
        title = "{Constraints on Neutron Star Properties from X-Ray Observations of Millisecond Pulsars}",
      journal = {The Astrophysical Journal},
     keywords = {Gravitation, Stars: Pulsars: General, Stars: Pulsars: Individual: Alphanumeric: PSR J0437-4715, Relativity, Stars: Neutron, X-Rays: Stars, Astrophysics},
         year = 2007,
        month = nov,
       volume = {670},
       number = {1},
        pages = {668-676},
          doi = {10.1086/520793},
archivePrefix = {arXiv},
       eprint = {astro-ph/0612791},
 primaryClass = {astro-ph},
       adsurl = {https://ui.adsabs.harvard.edu/abs/2007ApJ...670..668B},
      adsnote = {Provided by the SAO/NASA Astrophysics Data System}
}

@ARTICLE{Baillot,
       author = {{Baillot d'Etivaux}, Nicolas and others},
        title = "{New Constraints on the Nuclear Equation of State from the Thermal Emission of Neutron Stars in Quiescent Low-mass X-Ray Binaries}",
      journal = {The Astrophysical Journal},
     keywords = {Nuclear physics, Low-mass X-ray binary stars, Neutron stars, 2077, 939, 1108, Astrophysics - High Energy Astrophysical Phenomena},
         year = 2019,
        month = dec,
       volume = {887},
       number = {1},
          eid = {48},
        pages = {48},
          doi = {10.3847/1538-4357/ab4f6c},
archivePrefix = {arXiv},
       eprint = {1905.01081},
 primaryClass = {astro-ph.HE},
       adsurl = {https://ui.adsabs.harvard.edu/abs/2019ApJ...887...48B},
      adsnote = {Provided by the SAO/NASA Astrophysics Data System}
}

@article{GW_constrains,
       author = {{G{\"u}ven}, H. and {Bozkurt}, K. and {Khan}, E. and {Margueron}, J.},
        title = "{Multimessenger and multiphysics Bayesian inference for the GW170817 binary neutron star merger}",
      journal = {PHYSICAL REVIEW C },
     keywords = {Nuclear Theory, Astrophysics - High Energy Astrophysical Phenomena, Astrophysics - Solar and Stellar Astrophysics},
         year = 2020,
        month = jul,
       volume = {102},
       number = {1},
          eid = {015805},
        pages = {015805},
          doi = {10.1103/PhysRevC.102.015805},
archivePrefix = {arXiv},
       eprint = {2001.10259},
 primaryClass = {nucl-th},
       adsurl = {https://ui.adsabs.harvard.edu/abs/2020PhRvC.102a5805G},
      adsnote = {Provided by the SAO/NASA Astrophysics Data System}

}

@ARTICLE{MultiMessenger_denseMatter,
       author = {{Dietrich}, Tim and others},
        title = "{Multimessenger constraints on the neutron-star equation of state and the Hubble constant}",
      journal = {Science},
     keywords = {ASTRONOMY; PHYSICS, Astrophysics - High Energy Astrophysical Phenomena, Astrophysics - Cosmology and Nongalactic Astrophysics, General Relativity and Quantum Cosmology, Nuclear Theory},
         year = 2020,
        month = dec,
       volume = {370},
       number = {6523},
        pages = {1450-1453},
          doi = {10.1126/science.abb4317},
archivePrefix = {arXiv},
       eprint = {2002.11355},
 primaryClass = {astro-ph.HE},
       adsurl = {https://ui.adsabs.harvard.edu/abs/2020Sci...370.1450D},
      adsnote = {Provided by the SAO/NASA Astrophysics Data System}
}

@ARTICLE{Radio_Timing_Mass,
       author = {{Lattimer}, James M.},
        title = "{The Nuclear Equation of State and Neutron Star Masses}",
      journal = {Annual Review of Nuclear and Particle Science},
     keywords = {Nuclear Theory, Astrophysics - High Energy Astrophysical Phenomena},
         year = 2012,
        month = nov,
       volume = {62},
       number = {1},
        pages = {485-515},
          doi = {10.1146/annurev-nucl-102711-095018},
archivePrefix = {arXiv},
       eprint = {1305.3510},
 primaryClass = {nucl-th},
       adsurl = {https://ui.adsabs.harvard.edu/abs/2012ARNPS..62..485L},
      adsnote = {Provided by the SAO/NASA Astrophysics Data System}
}

@ARTICLE{Lorimer+2008,
       author = {{Lorimer}, Duncan R.},
        title = "{Binary and Millisecond Pulsars}",
      journal = {Living Reviews in Relativity},
     keywords = {pulsars, Astrophysics},
         year = 2008,
        month = nov,
       volume = {11},
       number = {1},
          eid = {8},
        pages = {8},
          doi = {10.12942/lrr-2008-8},
archivePrefix = {arXiv},
       eprint = {0811.0762},
 primaryClass = {astro-ph},
       adsurl = {https://ui.adsabs.harvard.edu/abs/2008LRR....11....8L},
      adsnote = {Provided by the SAO/NASA Astrophysics Data System}
}


@ARTICLE{diagP-P,
       author = {{Taylor}, J.~H. and {Manchester}, R.~N.},
        title = "{Recent observations of pulsars.}",
      journal = {Annual review of astronomy and astrophysics},
     keywords = {Pulsars, Pulse Duration, Radio Emission, Star Distribution, Stellar Evolution, High Frequencies, Neutron Stars, Polarization Characteristics, Radiant Flux Density, Secular Variations, Spectral Energy Distribution, Stellar Rotation, Astrophysics},
         year = 1977,
        month = jan,
       volume = {15},
        pages = {19-44},
          doi = {10.1146/annurev.aa.15.090177.000315},
       adsurl = {https://ui.adsabs.harvard.edu/abs/1977ARA&A..15...19T},
      adsnote = {Provided by the SAO/NASA Astrophysics Data System}
}

@ARTICLE{Hartle&Thorne,
       author = {{Hartle}, James B. and {Thorne}, Kip S.},
        title = "{Slowly Rotating Relativistic Stars. II. Models for Neutron Stars and Supermassive Stars}",
      journal = {The Astrophysical Journal},
         year = 1968,
        month = sep,
       volume = {153},
        pages = {807},
          doi = {10.1086/149707},
       adsurl = {https://ui.adsabs.harvard.edu/abs/1968ApJ...153..807H},
      adsnote = {Provided by the SAO/NASA Astrophysics Data System}
}

@INPROCEEDINGS{Watts+2015,
       author = {{Watts}, A. and others},
        title = "{Probing the neutron star interior and the Equation of State of cold dense matter with the SKA}",
     keywords = {Astrophysics - Solar and Stellar Astrophysics, Astrophysics - High Energy Astrophysical Phenomena, Astrophysics - Instrumentation and Methods for Astrophysics, Nuclear Theory},
    booktitle = {Advancing Astrophysics with the Square Kilometre Array (AASKA14)},
         year = 2015,
        month = apr,
          eid = {43},
        pages = {43},
archivePrefix = {arXiv},
       eprint = {1501.00042},
 primaryClass = {astro-ph.SR},
       adsurl = {https://ui.adsabs.harvard.edu/abs/2015aska.confE..43W},
      adsnote = {Provided by the SAO/NASA Astrophysics Data System}
}

@ARTICLE{Chandrasekhar,
       author = {{Chandrasekhar}, S.},
        title = "{Stellar Configurations with Degenerate Cores}",
      journal = {Journal of Astrophysics and Astronomy},
         year = 1994,
        month = jun,
       volume = {15},
        pages = {133},
          doi = {10.1007/BF03012173},
       adsurl = {https://ui.adsabs.harvard.edu/abs/1994JApA...15..133C},
      adsnote = {Provided by the SAO/NASA Astrophysics Data System}
}

@INPROCEEDINGS{atmosphere_modeling,
       author = {{Zavlin}, V.~E. and {Pavlov}, G.~G.},
        title = "{Modeling Neutron Star Atmospheres}",
     keywords = {Astrophysics},
    booktitle = {Neutron Stars, Pulsars, and Supernova Remnants},
         year = 2002,
       editor = {{Becker}, W. and {Lesch}, H. and {Tr{\"u}mper}, J.},
        month = jan,
        pages = {263},
archivePrefix = {arXiv},
       eprint = {astro-ph/0206025},
 primaryClass = {astro-ph},
       adsurl = {https://ui.adsabs.harvard.edu/abs/2002nsps.conf..263Z},
      adsnote = {Provided by the SAO/NASA Astrophysics Data System}
}
@ARTICLE{crust_NS,
       author = {{Page}, Dany and {Reddy}, Sanjay},
        title = "{Dense Matter in Compact Stars: Theoretical Developments and Observational Constraints}",
      journal = {Annual Review of Nuclear and Particle Science},
     keywords = {Astrophysics, High Energy Physics - Phenomenology, Nuclear Theory},
         year = 2006,
        month = nov,
       volume = {56},
       number = {1},
        pages = {327-374},
          doi = {10.1146/annurev.nucl.56.080805.140600},
archivePrefix = {arXiv},
       eprint = {astro-ph/0608360},
 primaryClass = {astro-ph},
       adsurl = {https://ui.adsabs.harvard.edu/abs/2006ARNPS..56..327P},
      adsnote = {Provided by the SAO/NASA Astrophysics Data System}
}


@ARTICLE{baade_zwicky,
       author = {{Baade}, W., and {Zwicky}, F.},
        title = "{On Super-novae}",
      journal = {Contributions from the Mount Wilson Observatory},
     keywords = {Supernovae},
         year = 1934,
        month = jan,
       volume = {3},
        pages = {73-78},
       adsurl = {https://ui.adsabs.harvard.edu/abs/1934CoMtW...3...73B},
      adsnote = {Provided by the SAO/NASA Astrophysics Data System}
}

@BOOK{TOV_system,
       author = {{Glendenning}, Norman K.},
        title = "{Compact stars. Nuclear physics, particle physics, and general relativity}",
         year = 1997,
       adsurl = {https://ui.adsabs.harvard.edu/abs/1997csnp.book.....G},
      adsnote = {Provided by the SAO/NASA Astrophysics Data System}
}
@ARTICLE{TOV_2,
       author = {{Oppenheimer}, J.~R. and {Volkoff}, G.~M.},
        title = "{On Massive Neutron Cores}",
      journal = {Physical Review},
         year = 1939,
        month = feb,
       volume = {55},
       number = {4},
        pages = {374-381},
          doi = {10.1103/PhysRev.55.374},
       adsurl = {https://ui.adsabs.harvard.edu/abs/1939PhRv...55..374O},
      adsnote = {Provided by the SAO/NASA Astrophysics Data System}
}

@ARTICLE{NICER_mission,
       author = {{Gendreau}, Keith and {Arzoumanian}, Zaven},
        title = "{Searching for a pulse}",
      journal = {Nature Astronomy},
         year = 2017,
        month = dec,
       volume = {1},
        pages = {895-895},
          doi = {10.1038/s41550-017-0301-3},
       adsurl = {https://ui.adsabs.harvard.edu/abs/2017NatAs...1..895G},
      adsnote = {Provided by the SAO/NASA Astrophysics Data System}
}

@ARTICLE{dynamics_NS,
       author = {{Watts}, Anna L.},
        title = "{Thermonuclear Burst Oscillations}",
      journal = {Annual Review of Astron and Astrophys},
     keywords = {Astrophysics - High Energy Astrophysical Phenomena},
         year = 2012,
        month = sep,
       volume = {50},
        pages = {609-640},
          doi = {10.1146/annurev-astro-040312-132617},
archivePrefix = {arXiv},
       eprint = {1203.2065},
 primaryClass = {astro-ph.HE},
       adsurl = {https://ui.adsabs.harvard.edu/abs/2012ARA&A..50..609W},
      adsnote = {Provided by the SAO/NASA Astrophysics Data System}
}

@INPROCEEDINGS{Watts_PulseProfileModelling,
       author = {{Watts}, Anna L.},
        title = "{Constraining the neutron star equation of state using pulse profile modeling}",
     keywords = {Astrophysics - High Energy Astrophysical Phenomena, Astrophysics - Solar and Stellar Astrophysics, General Relativity and Quantum Cosmology, Nuclear Theory},
    booktitle = {Xiamen-CUSTIPEN Workshop on the Equation of State of Dense Neutron-Rich Matter in the Era of Gravitational Wave Astronomy},
         year = 2019,
       series = {American Institute of Physics Conference Series},
       volume = {2127},
        month = jul,
          eid = {020008},
        pages = {020008},
          doi = {10.1063/1.5117798},
archivePrefix = {arXiv},
       eprint = {1904.07012},
 primaryClass = {astro-ph.HE},
       adsurl = {https://ui.adsabs.harvard.edu/abs/2019AIPC.2127b0008W},
      adsnote = {Provided by the SAO/NASA Astrophysics Data System}
}

@ARTICLE{ScorpiusX-1,
       author = {{Shklovsky}, I.~S.},
        title = "{On the Nature of the Source of X-Ray Emission of Sco XR-1.}",
      journal = {The Astrophysical Journal},
         year = 1967,
        month = apr,
       volume = {148},
        pages = {L1},
          doi = {10.1086/180001},
       adsurl = {https://ui.adsabs.harvard.edu/abs/1967ApJ...148L...1S},
      adsnote = {Provided by the SAO/NASA Astrophysics Data System}
}
@ARTICLE{SN_remnants,
       author = {{Pavlov}, G.~G. and {Zavlin}, V.~E. and {Aschenbach}, B. and {Tr{\"u}mper}, J. and {Sanwal}, D.},
        title = "{The Compact Central Object in Cassiopeia A: A Neutron Star with Hot Polar Caps or a Black Hole?}",
      journal = {The Astrophysical Journal},
     keywords = {STARS: NEUTRON, STARS: SUPERNOVAE: INDIVIDUAL: NAME: CASSIOPEIA A, X-RAYS: STARS, Astrophysics},
         year = 2000,
        month = mar,
       volume = {531},
       number = {1},
        pages = {L53-L56},
          doi = {10.1086/312521},
archivePrefix = {arXiv},
       eprint = {astro-ph/9912024},
 primaryClass = {astro-ph},
       adsurl = {https://ui.adsabs.harvard.edu/abs/2000ApJ...531L..53P},
      adsnote = {Provided by the SAO/NASA Astrophysics Data System}
}

@ARTICLE{magnetar,
       author = {{Mereghetti}, Sandro},
        title = "{The strongest cosmic magnets: soft gamma-ray repeaters and anomalous X-ray pulsars}",
      journal = { The Astronomy and Astrophysics Review},
     keywords = {Stars: neutron, Magnetic fields, X-rays: stars, Gamma rays: bursts, Pulsars: general, Astrophysics},
         year = 2008,
        month = jul,
       volume = {15},
       number = {4},
        pages = {225-287},
          doi = {10.1007/s00159-008-0011-z},
archivePrefix = {arXiv},
       eprint = {0804.0250},
 primaryClass = {astro-ph},
       adsurl = {https://ui.adsabs.harvard.edu/abs/2008A&ARv..15..225M},
      adsnote = {Provided by the SAO/NASA Astrophysics Data System}
}

@ARTICLE{polar_cap_model,
       author = {{Zavlin}, V.~E. and {Pavlov}, G.~G.},
        title = "{Soft X-rays from polar caps of the millisecond pulsar J0437-4715}",
      journal = {Astronomy and Astrophysics},
     keywords = {STARS: NEUTRON, X-RAY: STARS, PULSARS: INDIVIDUAL: PSR J0437-4715, Astrophysics},
         year = 1998,
        month = jan,
       volume = {329},
        pages = {583-598},
archivePrefix = {arXiv},
       eprint = {astro-ph/9708101},
 primaryClass = {astro-ph},
       adsurl = {https://ui.adsabs.harvard.edu/abs/1998A&A...329..583Z},
      adsnote = {Provided by the SAO/NASA Astrophysics Data System}
}
@ARTICLE{HotSpots,
       author = {{Zavlin}, V.~E. and {Shibanov}, Yu. A. and {Pavlov}, G.~G.},
        title = "{Effects of the gravitational field of a neutron star on the emission from hot polar spots on the surface of radio pulsars}",
      journal = {Astronomy Letters},
         year = 1995,
        month = mar,
       volume = {21},
       number = {2},
        pages = {149-158},
       adsurl = {https://ui.adsabs.harvard.edu/abs/1995AstL...21..149Z},
      adsnote = {Provided by the SAO/NASA Astrophysics Data System}
}

@INBOOK{becker,
       author = {{Becker}, Werner},
        title = "{X-Ray Emission from Pulsars and Neutron Stars}",
    booktitle = {Astrophysics and Space Science Library},
         year = 2009,
       editor = {{Becker}, Werner},
       volume = {357},
        pages = {91},
          doi = {10.1007/978-3-540-76965-1\_6},
       adsurl = {https://ui.adsabs.harvard.edu/abs/2009ASSL..357...91B},
      adsnote = {Provided by the SAO/NASA Astrophysics Data System}
}
@ARTICLE{waveform_technique,
       author = {{Watts}, Anna L. and {Andersson}, Nils and {Chakrabarty}, Deepto and {Feroci}, Marco and {Hebeler}, Kai and {Israel}, Gianluca and {Lamb}, Frederick K. and {Miller}, M. Coleman and {Morsink}, Sharon and {{\"O}zel}, Feryal and {Patruno}, Alessandro and {Poutanen}, Juri and {Psaltis}, Dimitrios and {Schwenk}, Achim and {Steiner}, Andrew W. and {Stella}, Luigi and {Tolos}, Laura and {van der Klis}, Michiel},
        title = "{Colloquium: Measuring the neutron star equation of state using x-ray timing}",
      journal = {Reviews of Modern Physics},
     keywords = {Astrophysics - High Energy Astrophysical Phenomena, Astrophysics - Solar and Stellar Astrophysics, Nuclear Theory},
         year = 2016,
        month = apr,
       volume = {88},
       number = {2},
          eid = {021001},
        pages = {021001},
          doi = {10.1103/RevModPhys.88.021001},
archivePrefix = {arXiv},
       eprint = {1602.01081},
 primaryClass = {astro-ph.HE},
       adsurl = {https://ui.adsabs.harvard.edu/abs/2016RvMP...88b1001W},
      adsnote = {Provided by the SAO/NASA Astrophysics Data System}
}
@ARTICLE{PulsarModels,
       author = {{Goldreich}, Peter and {Julian}, William H.},
        title = "{Pulsar Electrodynamics}",
      journal = {The Astrophysical Journal},
         year = 1969,
        month = aug,
       volume = {157},
        pages = {869},
          doi = {10.1086/150119},
       adsurl = {https://ui.adsabs.harvard.edu/abs/1969ApJ...157..869G},
      adsnote = {Provided by the SAO/NASA Astrophysics Data System}
}

@ARTICLE{PolarCapCartoon,
       author = {{Aliu}, E. and {MAGIC Collaboration}},
        title = "{Observation of Pulsed {\ensuremath{\gamma}}-Rays Above 25 GeV from the Crab Pulsar with MAGIC}",
      journal = {Science},
     keywords = {ASTRONOMY, Astrophysics},
         year = 2008,
        month = nov,
       volume = {322},
       number = {5905},
        pages = {1221},
          doi = {10.1126/science.1164718},
archivePrefix = {arXiv},
       eprint = {0809.2998},
 primaryClass = {astro-ph},
       adsurl = {https://ui.adsabs.harvard.edu/abs/2008Sci...322.1221A},
      adsnote = {Provided by the SAO/NASA Astrophysics Data System}
}


@ARTICLE{RadioCoherentEmission,
       author = {{Dyks}, J. and others},
        title = "{The nature of pulsar radio emission}",
      journal = {Monthly Notices of the Royal Astronomical Society},
     keywords = {radiation mechanisms: non-thermal, pulsars: general, pulsars: individual: J1012+5307, pulsars: individual: J0437-4715, pulsars: individual: B0525+21, pulsars: individual: B1913+16, Astrophysics - Solar and Stellar Astrophysics, Astrophysics - High Energy Astrophysical Phenomena},
         year = 2010,
        month = jan,
       volume = {401},
       number = {3},
        pages = {1781-1795},
          doi = {10.1111/j.1365-2966.2009.15679.x},
archivePrefix = {arXiv},
       eprint = {0908.1359},
 primaryClass = {astro-ph.SR},
       adsurl = {https://ui.adsabs.harvard.edu/abs/2010MNRAS.401.1781D},
      adsnote = {Provided by the SAO/NASA Astrophysics Data System}
}


@ARTICLE{becker_RotationPoweredNS,
       author = {{Becker}, W. and {Truemper}, J.},
        title = "{The X-ray luminosity of rotation-powered neutron stars.}",
      journal = {Astronomy and Astrophysics},
     keywords = {PULSARS: GENERAL, X-RAYS: STARS, STARS: NEUTRON, Astrophysics},
         year = 1997,
        month = oct,
       volume = {326},
        pages = {682-691},
archivePrefix = {arXiv},
       eprint = {astro-ph/9708169},
 primaryClass = {astro-ph},
       adsurl = {https://ui.adsabs.harvard.edu/abs/1997A&A...326..682B},
      adsnote = {Provided by the SAO/NASA Astrophysics Data System}
}

@INPROCEEDINGS{miller,
       author = {{Miller}, M. Coleman and {Lamb}, Frederick K.},
        title = "{Determining neutron star masses and radii via analysis of NICER energy-resolved waveform data}",
    booktitle = {American Astronomical Society Meeting Abstracts \#225},
         year = 2015,
       series = {American Astronomical Society Meeting Abstracts},
       volume = {225},
        month = jan,
          eid = {214.09},
        pages = {214.09},
       adsurl = {https://ui.adsabs.harvard.edu/abs/2015AAS...22521409M},
      adsnote = {Provided by the SAO/NASA Astrophysics Data System}
}
@ARTICLE{BeckerPSRJ0030,
       author = {{Becker}, Werner and {Tr{\"u}mper}, Joachim and {Lommen}, Andrea N. and {Backer}, Donald C.},
        title = "{X-Rays from the Nearby Solitary Millisecond Pulsar PSR J0030+0451: The Final ROSAT Observations}",
      journal = {The Astrophysical Journal},
     keywords = {pulsars: individual (PSR J0030+0451), Radiation Mechanisms: Nonthermal, Stars: Neutron, X-Rays: Stars, Astrophysics},
         year = 2000,
        month = dec,
       volume = {545},
       number = {2},
        pages = {1015-1019},
          doi = {10.1086/317839},
archivePrefix = {arXiv},
       eprint = {astro-ph/0009110},
 primaryClass = {astro-ph},
       adsurl = {https://ui.adsabs.harvard.edu/abs/2000ApJ...545.1015B},
      adsnote = {Provided by the SAO/NASA Astrophysics Data System}
}
@INPROCEEDINGS{PSRJ0030,
       author = {{Arzoumanian}, Zaven},
        title = "{NASA's Neutron star Interior Composition Explorer (NICER): mission overview and initial results}",
    booktitle = {42nd COSPAR Scientific Assembly},
         year = 2018,
       volume = {42},
        month = jul,
          eid = {E1.10-4-18},
        pages = {E1.10-4-18},
       adsurl = {https://ui.adsabs.harvard.edu/abs/2018cosp...42E.129A},
      adsnote = {Provided by the SAO/NASA Astrophysics Data System}
}

@ARTICLE{lommenPSRJ0030,
       author = {{Lommen}, Andrea N. and {Zepka}, Alex and {Backer}, Donald C. and {McLaughlin}, Maura and {Cordes}, James M. and {Arzoumanian}, Zaven and {Xilouris}, Kiriaki},
        title = "{New Pulsars from an Arecibo Drift Scan Search}",
      journal = {The Astrophysical Journal},
     keywords = {Polarization, pulsars: individual (PSR J0030+0451, PSR J0711+0931, PSR J1313+0931), Radio Continuum: Stars, Stars: Neutron, Surveys, Astrophysics},
         year = 2000,
        month = dec,
       volume = {545},
       number = {2},
        pages = {1007-1014},
          doi = {10.1086/317841},
archivePrefix = {arXiv},
       eprint = {astro-ph/0008054},
 primaryClass = {astro-ph},
       adsurl = {https://ui.adsabs.harvard.edu/abs/2000ApJ...545.1007L},
      adsnote = {Provided by the SAO/NASA Astrophysics Data System}
}

@INPROCEEDINGS{harding,
       author = {{Harding}, Alice K.},
        title = "{Pulsar Physics and GLAST}",
     keywords = {97.60.Gb, 95.85.Pw, 98.70.Rz, Pulsars, gamma-ray, gamma-ray sources, gamma-ray bursts, Astrophysics},
    booktitle = {The First GLAST Symposium},
         year = 2007,
       editor = {{Ritz}, Steven and {Michelson}, Peter and {Meegan}, Charles A.},
       series = {American Institute of Physics Conference Series},
       volume = {921},
        month = jul,
        pages = {49-53},
          doi = {10.1063/1.2757265},
archivePrefix = {arXiv},
       eprint = {0706.1542},
 primaryClass = {astro-ph},
       adsurl = {https://ui.adsabs.harvard.edu/abs/2007AIPC..921...49H},
      adsnote = {Provided by the SAO/NASA Astrophysics Data System}
}

